@article{Chen_2019,
   title={ShapeShifter: Robust Physical Adversarial Attack on Faster R-CNN Object Detector},
   ISBN={9789811360497},
   ISSN={2190-5061},
   url={http://dx.doi.org/10.1007/978-3-030-10925-7_4},
   DOI={10.1007/978-3-030-10925-7_4},
   journal={Springer Theses},
   publisher={Springer Singapore},
   author={Chen, Shang-Tse and Cornelius, Cory and Martin, Jason and Chau, Duen Horng},
   year={2019},
   pages={52–68}
}

@article{qiu2019review,
  title={Review of Artificial Intelligence Adversarial Attack and Defense Technologies},
  author={Qiu, Shilin and Liu, Qihe and Zhou, Shijie and Wu, Chunjiang},
  journal={Applied Sciences},
  volume={9},
  number={5},
  pages={909},
  year={2019},
  publisher={Multidisciplinary Digital Publishing Institute}
}

@inproceedings{eykholt2018robust,
  title={Robust physical-world attacks on deep learning visual classification},
  author={Eykholt, Kevin and Evtimov, Ivan and Fernandes, Earlence and Li, Bo and Rahmati, Amir and Xiao, Chaowei and Prakash, Atul and Kohno, Tadayoshi and Song, Dawn},
  booktitle={Proceedings of the IEEE Conference on Computer Vision and Pattern Recognition},
  pages={1625--1634},
  year={2018}
}

@article{brown2017adversarial,
  title={Adversarial patch},
  author={Brown, Tom B and Man{\'e}, Dandelion and Roy, Aurko and Abadi, Mart{\'\i}n and Gilmer, Justin},
  journal={arXiv preprint arXiv:1712.09665},
  year={2017}
}

@inproceedings{elsayed2018adversarial,
  title={Adversarial examples that fool both computer vision and time-limited humans},
  author={Elsayed, Gamaleldin and Shankar, Shreya and Cheung, Brian and Papernot, Nicolas and Kurakin, Alexey and Goodfellow, Ian and Sohl-Dickstein, Jascha},
  booktitle={Advances in Neural Information Processing Systems},
  pages={3910--3920},
  year={2018}
}

@article{Papernot_2017,
   title={Practical Black-Box Attacks against Machine Learning},
   ISBN={9781450349444},
   url={http://dx.doi.org/10.1145/3052973.3053009},
   DOI={10.1145/3052973.3053009},
   journal={Proceedings of the 2017 ACM on Asia Conference on Computer and Communications Security - ASIA CCS  ’17},
   publisher={ACM Press},
   author={Papernot, Nicolas and McDaniel, Patrick and Goodfellow, Ian and Jha, Somesh and Celik, Z. Berkay and Swami, Ananthram},
   year={2017}
}

@article{chakraborty2018adversarial,
  title={Adversarial Attacks and Defences: A Survey},
  author={Chakraborty, Anirban and Alam, Manaar and Dey, Vishal and Chattopadhyay, Anupam and Mukhopadhyay, Debdeep},
  journal={arXiv preprint arXiv:1810.00069},
  year={2018}
}


